@inproceedings{ballsun2010asking,
  title={Asking about data: Experimental philosophy of information technology},
  author={Ballsun-Stanton, Brian},
  booktitle={Computer Sciences and Convergence Information Technology (ICCIT), 2010 5th International Conference on},
  pages={119--124},
  year={2010},
  organization={IEEE}
}
